<?xml version="1.0" encoding="UTF-8"?><record xmlns="http://www.loc.gov/MARC21/slim" xmlns:cinclude="http://apache.org/cocoon/include/1.0" xmlns:zs="http://www.loc.gov/zing/srw/">
  <leader>00512cz  a2200121n  4500</leader>
  <controlfield tag="001">n 2006163571</controlfield>
  <controlfield tag="003">DLC</controlfield>
  <controlfield tag="005">20060711101738.0</controlfield>
  <controlfield tag="008">060711n| acannaabn           n ana      </controlfield>
  <datafield tag="010" ind1=" " ind2=" ">
    <subfield code="a">n 2006163571</subfield>
  </datafield>
  <datafield tag="040" ind1=" " ind2=" ">
    <subfield code="a">DLC</subfield>
    <subfield code="b">eng</subfield>
    <subfield code="c">DLC</subfield>
  </datafield>
  <datafield tag="110" ind1="2" ind2=" ">
    <subfield code="a">Rip Van Winkle Consolidated Mining Company (Reno, Nev.)</subfield>
  </datafield>
  <datafield tag="670" ind1=" " ind2=" ">
    <subfield code="a">NUCMC data from Nevada Historical Society for Its Records, 1941-1946</subfield>
    <subfield code="b">(Rip Van Winkle Consolidated Mining Company; precious metal mining company; principle office in Reno, Nev.; mining properties in Nevada and Utah)</subfield>
  </datafield>
</record>